<record><leader>00000cas a22000007a 4500</leader><controlfield tag="001">13214076</controlfield><controlfield tag="008">860228d18841894inuwr ne      0    0eng d</controlfield><datafield ind1=" " ind2=" " tag="010"><subfield code="a">sn 86058324 </subfield></datafield><datafield ind1=" " ind2=" " tag="040"><subfield code="a">NPI</subfield><subfield code="b">eng</subfield><subfield code="c">NPI</subfield><subfield code="d">OCLCQ</subfield><subfield code="d">OCLCO</subfield></datafield><datafield ind1=" " ind2=" " tag="042"><subfield code="a">msc</subfield></datafield><datafield ind1="0" ind2=" " tag="130"><subfield code="a">Chesterton tribune.</subfield></datafield><datafield ind1="1" ind2="4" tag="245"><subfield code="a">The tribune.</subfield></datafield><datafield ind1=" " ind2=" " tag="260"><subfield code="a">Chesterton, Ind. :</subfield><subfield code="b">Bowser &amp; Watson,</subfield><subfield code="c">1884-1894.</subfield></datafield><datafield ind1=" " ind2=" " tag="310"><subfield code="a">Weekly</subfield></datafield><datafield ind1="0" ind2=" " tag="362"><subfield code="a">Vol. 1, no. 22 (Aug. 27, 1884)-v. 11, no. 23 (Sept. 14, 1894).</subfield></datafield><datafield ind1=" " ind2=" " tag="752"><subfield code="a">United States</subfield><subfield code="b">Indiana</subfield><subfield code="c">Porter</subfield><subfield code="d">Chesterton.</subfield></datafield><datafield ind1="0" ind2="0" tag="780"><subfield code="t">Chesterton tribune (Chesterton, Ind. : 1882)</subfield><subfield code="w">(DLC)sn 87056499</subfield></datafield><datafield ind1="0" ind2="0" tag="785"><subfield code="t">Chesterton tribune (Chesterton, Ind. : 1894)</subfield><subfield code="w">(DLC)sn 86058410</subfield></datafield></record>